@article{kohonen:1990,  
    author={Kohonen, T.},  
    journal={Proceedings of the IEEE},   
    title={The self-organizing map},   
    year={1990},  
    volume={78},  
    number={9},  
    pages={1464-1480},  
    doi={10.1109/5.58325}
}

@article{gray:1984,  
    author={Gray, R.},  
    journal={IEEE ASSP Magazine},   
    title={Vector quantization},   
    year={1984},  
    volume={1},  
    number={2},  
    pages={4-29},  
    doi={10.1109/MASSP.1984.1162229}
}

@article{nass:1975,  
    author={Nass, M.M. and Cooper, L.N.},  
    journal={Biol. Cybernetics},   
    title={A theory for the development of feature detecting cells in visual cortex},   
    year={1975},  
    volume={19},  
    number={2},  
    pages={1-18},  
    doi={10.1007/BF00319777}
}

@online{som-training:2010,
    author={Mcld},
    title="",
    year={2010},
    urlseen={05-24-21},
    url={https://upload.wikimedia.org/wikipedia/commons/9/91/Somtraining.svg},
    note={File:Somtraining.svg}}
}

@article{wehrens:2018,
    title={Flexible Self-Organizing Maps in {kohonen} 3.0},
    author={Ron Wehrens and Johannes Kruisselbrink},
    journal={Journal of Statistical Software},
    year={2018},
    volume={87},
    number={7},
    pages={1--18},
    doi={10.18637/jss.v087.i07},
}

@article{wehrens:2007,
    title={Self- and Super-Organizing Maps in {R}: The {kohonen} Package},
    author={Ron Wehrens and Lutgarde M. C. Buydens},
    journal={Journal of Statistical Software},
    year={2007},
    volume={21},
    number={5},
    pages={1--19},
    doi={10.18637/jss.v021.i05},
}

@article{kohonen:2007,
    author={Kohonen, T.  and Honkela, T. },
    title={{K}ohonen network},
    year={2007},
    journal={Scholarpedia},
    volume={2},
    number={1},
    pages={1568},
    doi={10.4249/scholarpedia.1568},
    note={revision \#127841}
}

@article{shah:2003,  
    author={Shah-Hosseini, H. and Safabakhsh, R.},  
    journal={IEEE Transactions on Systems, Man, and Cybernetics, Part B (Cybernetics)},   
    title={TASOM: a new time adaptive self-organizing map},   
    year={2003},  
    volume={33},  
    number={2},  
    pages={271-282},  
    doi={10.1109/TSMCB.2003.810442}
}

@article{hsu:2003,
    author={Hsu, Arthur L. and Tang, Sen-Lin and Halgamuge, Saman K.},
    title={An unsupervised hierarchical dynamic self-organizing approach to cancer class discovery and marker gene identification in microarray data},
    journal={Bioinformatics},
    volume={19},
    number={16},
    pages={2131-2140},
    year={2003},
    month={11},
    issn={1367-4803},
    doi={10.1093/bioinformatics/btg296},
    url={https://doi.org/10.1093/bioinformatics/btg296},
    eprint={https://academic.oup.com/bioinformatics/article-pdf/19/16/2131/668755/btg296.pdf},
}
